% Example of citing
@article{hart1968-astar,
  title={A formal basis for the heuristic determination of minimum cost paths},
  author={Hart, Peter E and Nilsson, Nils J and Raphael, Bertram},
  journal={IEEE transactions on Systems Science and Cybernetics},
  volume={4},
  number={2},
  pages={100--107},
  year={1968},
  publisher={IEEE}
}

% ARTICLE. An article from a journal or magazine
% Required: author, title, journal, year
% Optional: volueme, number, pages, month, note.
%@article{,
%	author={},
%	title={},
%	journal={},
%	year={}
%}

%MANUAL Technical documentation. 
% Required: title
% Optional: author, organization, address, edition, month, year
%@manual{,
%	title={},
%	author={},
%	year = {, accessed }
%}

% BOOK. A book with an explicit publisher
% Required: author or editor, title, publisher, year
% Optional: volume or number, series, address, edition, month, note
%@book{,
%	author={},
%	title={},
%	publisher={},
%	year={}
%}

% MISC. Use this type when nothing else fits. A warning will be issued if all optional fields are empty (i.e., the entire entry is empty or has only ignored fields). 
% Required: none
% Optional: author, title, howpublished, month, year, note
%@misc{
%	author={},
%	title={},
%	howpublished={\url{}},
%	note={},
%	year={}
%}

%%%%%%%%%%%%%%%%%%%%%%%%%%%%%%%%%%%%%%%%%%%%%%%%%%%%%
%%%%%%%%%%%%%%%%%%% CITATIONS %%%%%%%%%%%%%%%%%%%%%%%
%%%%%%%%%%%%%%%%%%%%%%%%%%%%%%%%%%%%%%%%%%%%%%%%%%%%%


% slide share

@misc{slide:grammatica,
	author={Mergim Lipa},
	title={Gramatika e gjuhes shqipe},
	howpublished={\url{https://www.slideshare.net/hakmarrja1/gramatika-e-gjuhes-shqipe-16241958}},
	note={accessed in 2021},
	year={2020}
}

% books

@article{ccanta2017category,
  title={The category of case in English and Albanian nominal system: A contrastive analysis},
  author={{\c{C}}anta, Agnesa},
  journal={International Journal of English Linguistics},
  volume={7},
  number={1},
  pages={226--239},
  year={2017}
}


% Katia

@manual{vocedellaquila:declinazionemaschili,
	title={Declinazione completa dei sostantivi maschili},
	author={Katia Pisani},
	year = {accessed 2021}
}
@manual{vocedellaquila:accusativo,
	title={Declinazione dell'accusativo},
	author={Katia Pisani},
	year = {accessed 2021}
}
@manual{vocedellaquila:verbiprimogruppo,
	title={MODO INDICATIVO. TEMPO PRESENTE- FORMA ATTIVA. VERBI DI PRIMO GRUPPO},
	author={Katia Pisani},
	year = {accessed 2021}
}
@manual{vocedellaquila:futurosemplice,
	title={IL FUTURO SEMPLICE DEL MODO INDICATIVO},
	author={Katia Pisani},
	year = {accessed 2021}
}

% Viola

@misc{viola:saluti,
	author={Viola Gjylbgaj},
	title={Livello A1/A2 -1 L' Albanese con Viola},
	howpublished={\url{https://www.youtube.com/watch?v=F9Kg44cCJpg&list=PLuCWnUgdmtwjv6cn5xHx9w6eDrZPtElLM&index=1}},
	note={accessed in 2021},
	year={2020}
}

@misc{viola:frasicomuni,
	author={Viola Gjylbgaj},
	title={Livello A1/A2 -2 L' Albanese con Viola},
	howpublished={\url{https://www.youtube.com/watch?v=hnN4X0pp4NE&list=PLuCWnUgdmtwjv6cn5xHx9w6eDrZPtElLM&index=2}},
	note={accessed in 2021},
	year={2020}
}
@misc{viola:numeri020,
	author={Viola Gjylbgaj},
	title={Livello A1/A2 -3 L' Albanese con Viola},
	howpublished={\url{https://www.youtube.com/watch?v=jCloknj577Q&list=PLuCWnUgdmtwjv6cn5xHx9w6eDrZPtElLM&index=3}},
	note={accessed in 2021},
	year={2020}
}
@misc{viola:numeri21100,
	author={Viola Gjylbgaj},
	title={Livello A1/A2 -4 L' Albanese con Viola},
	howpublished={\url{https://www.youtube.com/watch?v=Qxs_ogEic7A&list=PLuCWnUgdmtwjv6cn5xHx9w6eDrZPtElLM&index=4}},
	note={accessed in 2021},
	year={2020}
}
@misc{viola:presentazioni,
	author={Viola Gjylbgaj},
	title={Livello A1/A2 -5 L' Albanese con Viola},
	howpublished={\url{https://www.youtube.com/watch?v=GBP2qu11WuQ&list=PLuCWnUgdmtwjv6cn5xHx9w6eDrZPtElLM&index=5}},
	note={accessed in 2021},
	year={2020}
}
@misc{viola:conoscerequalcuno,
	author={Viola Gjylbgaj},
	title={Livello A1/A2 -6 L' Albanese con Viola},
	howpublished={\url{https://www.youtube.com/watch?v=uIAhsBoA7sc&list=PLuCWnUgdmtwjv6cn5xHx9w6eDrZPtElLM&index=6}},
	note={accessed in 2021},
	year={2020}
}
@misc{viola:colori,
	author={Viola Gjylbgaj},
	title={Livello A1/A2 -9 L' Albanese con Viola},
	howpublished={\url{https://www.youtube.com/watch?v=eJLUfpDRhEA&list=PLuCWnUgdmtwjv6cn5xHx9w6eDrZPtElLM&index=9}},
	note={accessed in 2021},
	year={2020}
}
@misc{viola:alfabeto,
	author={Viola Gjylbgaj},
	title={Livello A1/A2 -10 L' Albanese con Viola},
	howpublished={\url{https://www.youtube.com/watch?v=vF7Nl3J7L-U&list=PLuCWnUgdmtwjv6cn5xHx9w6eDrZPtElLM&index=10}},
	note={accessed in 2021},
	year={2020}
}
@misc{viola:giornisettimana,
	author={Viola Gjylbgaj},
	title={Livello A1/A2 -11 L' Albanese con Viola},
	howpublished={\url{https://www.youtube.com/watch?v=Dyod228I5lU&list=PLuCWnUgdmtwjv6cn5xHx9w6eDrZPtElLM&index=11}},
	note={accessed in 2021},
	year={2020}
}
@misc{viola:mesi,
	author={Viola Gjylbgaj},
	title={Livello A1/A2 -12 L' Albanese con Viola},
	howpublished={\url{https://www.youtube.com/watch?v=NwaVtp2Dp1Q&list=PLuCWnUgdmtwjv6cn5xHx9w6eDrZPtElLM&index=12}},
	note={accessed in 2021},
	year={2020}
}
@misc{viola:stagioni,
	author={Viola Gjylbgaj},
	title={Livello A1/A2 -13 L' Albanese con Viola},
	howpublished={\url{https://www.youtube.com/watch?v=r_cHUNXT0ZA&list=PLuCWnUgdmtwjv6cn5xHx9w6eDrZPtElLM&index=13}},
	note={accessed in 2021},
	year={2020}
}
@misc{viola:faredomande,
	author={Viola Gjylbgaj},
	title={Livello A1/A2 -1 L' Albanese con Viola},
	howpublished={\url{https://www.youtube.com/watch?v=q-OOYmPrPi8&list=PLuCWnUgdmtwjv6cn5xHx9w6eDrZPtElLM&index=14}},
	note={accessed in 2021},
	year={2020}
}
@misc{viola:verbiprimogruppo,
	author={Viola Gjylbgaj},
	title={Livello A1/A2 -15 L' Albanese con Viola},
	howpublished={\url{https://www.youtube.com/watch?v=QfS1nygCSKQ&list=PLuCWnUgdmtwjv6cn5xHx9w6eDrZPtElLM&index=15}},
	note={accessed in 2021},
	year={2020}
}
@misc{viola:verbisecondogruppo,
	author={Viola Gjylbgaj},
	title={Livello A1/A2 -16 L' Albanese con Viola},
	howpublished={\url{https://www.youtube.com/watch?v=WX6SI3AsYL8&list=PLuCWnUgdmtwjv6cn5xHx9w6eDrZPtElLM&index=16}},
	note={accessed in 2021},
	year={2020}
}
@misc{viola:verbiterzogruppo,
	author={Viola Gjylbgaj},
	title={Livello A1/A2 -17 L' Albanese con Viola},
	howpublished={\url{https://www.youtube.com/watch?v=L_LmtP1hK_Y&list=PLuCWnUgdmtwjv6cn5xHx9w6eDrZPtElLM&index=17}},
	note={accessed in 2021},
	year={2020}
}
@misc{viola:preposizioni,
	author={Viola Gjylbgaj},
	title={Livello A1/A2 -18 L' Albanese con Viola},
	howpublished={\url{https://www.youtube.com/watch?v=e_Ci88nnmdk&list=PLuCWnUgdmtwjv6cn5xHx9w6eDrZPtElLM&index=18}},
	note={accessed in 2021},
	year={2020}
}


@misc{angjelina,
	author={Angjelina Pjetri},
	title={Discussioni con Angjelina (voce)},
	howpublished={Conversazioni a voce},
	year={2021}
}

@misc{studylib:imperfetto,
	author={Studylib},
	title={IMPERFETTO DELLA LINGUA ALBANESE Verbo di primo gruppo},
	howpublished={\url{https://studylibit.com/doc/861835/imperfetto-della-lingua-albanese-verbo-di-primo-gruppo#}},
	note={accessed in 2021},
	year={2020}
}
